@misc{barhate2020ppo,
  author       = {Nikhil Barhate},
  title        = {PPO-PyTorch},
  year         = {2020},
  howpublished = {\url{https://github.com/nikhilbarhate99/PPO-PyTorch}},
  note         = {Accessed: 2025-06-01}
}

@article{schulman2017proximalpolicyoptimizationalgorithms,
      title={Proximal Policy Optimization Algorithms}, 
      author={John Schulman and Filip Wolski and Prafulla Dhariwal and Alec Radford and Oleg Klimov},
      year={2017},
      eprint={1707.06347},
      archivePrefix={arXiv},
      primaryClass={cs.LG},
      url={https://arxiv.org/abs/1707.06347}, 
}

@article{kelly1956new,
  author  = {J. L. Kelly},
  title   = {A New Interpretation of Information Rate},
  journal = {Bell System Technical Journal},
  volume  = {35},
  number  = {4},
  pages   = {917--926},
  year    = {1956},
  doi     = {10.1002/j.1538-7305.1956.tb03809.x},
  url     = {https://www.princeton.edu/~wbialek/rome/refs/kelly_56.pdf}
}

@misc{cs2moneywiki,
  title        = {Money - Counter-Strike Wiki},
  howpublished = {\url{https://counterstrike.fandom.com/wiki/Money}},
  note         = {Accessed: 2025-06-02},
  year         = {n.d.}
}

@misc{ho2025qbet,
  author       = {Nathan Ho},
  title        = {Q-Bet: Reinforcement Learning for Esports Betting},
  year         = {2025},
  howpublished = {\url{https://github.com/hoNATHAN/Q-Bet}},
  note         = {Accessed: 2025-06-02}
}

@misc{cs2competitivewiki,
  title        = {Competitive - Counter-Strike Wiki},
  howpublished = {\url{https://counterstrike.fandom.com/wiki/Competitive}},
  note         = {Accessed: 2025-06-02},
  year         = {n.d.}
}


@misc{datacamp_onehot_2023,
  author       = {DataCamp},
  title        = {One-Hot Encoding in Python: A Tutorial},
  year         = {2023},
  howpublished = {\url{https://www.datacamp.com/tutorial/one-hot-encoding-python-tutorial}},
  note         = {Accessed: 2025-06-02}
}

@misc{oddsportalguide,
  author       = {{OddsPortal}},
  title        = {Betting Odds Explained: Understanding Moneyline and Decimal Odds},
  howpublished = {\url{https://www.oddsportal.com/help/odds-explained/}},
  note         = {Accessed: 2025-06-02},
  year         = {n.d.}
}

@article{jansen2020rlbetting,
  title   = {Reinforcement Learning for Sports Betting: A Case Study on Soccer},
  author  = {Jansen, Brandon and Smith, Kyle},
  journal = {IEEE Transactions on Computational Intelligence and AI in Games},
  volume  = {12},
  number  = {3},
  year    = {2020},
  pages   = {203--215},
  doi     = {10.1109/TCIAIG.2020.2973132}
}

@article{king2019ethics,
  title   = {Ethics of {AI} in Gambling: Risks and Regulations},
  author  = {King, David},
  journal = {Journal of Gambling Studies},
  volume  = {35},
  number  = {4},
  year    = {2019},
  pages   = {1141--1158},
  doi     = {10.1007/s10899-019-09833-7}
}
